@book{gudhi:urm
, title        = "{GUDHI} User and Reference Manual"
, author      = "{The GUDHI Project}"
, publisher     = "{GUDHI Editorial Board}"
, year         = 2015
, url =    "http://gudhi.gforge.inria.fr/doc/latest/"
}

@incollection{gudhi:FilteredComplexes
, author =  "Cl\'ement Maria"
, title =   "Filtered Complexes"
, publisher =  "{GUDHI Editorial Board}"
, booktitle =   "{GUDHI} User and Reference Manual"
, url = "http://gudhi.gforge.inria.fr/doc/latest/group__simplex__tree.html"
, year =        2015
}

@incollection{gudhi:PersistentCohomology
, author =  "Cl\'ement Maria"
, title =   "Persistent Cohomology"
, publisher =  "{GUDHI Editorial Board}"
, booktitle =   "{GUDHI} User and Reference Manual"
, url = "http://gudhi.gforge.inria.fr/doc/latest/group__persistent__cohomology.html"
, year =        2015
}

@incollection{gudhi:Contraction
, author =  "David Salinas"
, title =   "Contraction"
, publisher =  "{GUDHI Editorial Board}"
, booktitle =   "{GUDHI} User and Reference Manual"
, url = "http://gudhi.gforge.inria.fr/doc/latest/group__contr.html"
, year =        2015
}

@incollection{gudhi:Skeleton-Blocker
, author =  "David Salinas"
, title =   "Skeleton-Blocker"
, publisher =  "{GUDHI Editorial Board}"
, booktitle =   "{GUDHI} User and Reference Manual"
, url = "http://gudhi.gforge.inria.fr/doc/latest/group__skbl.html"
, year =        2015
}

@incollection{gudhi:AlphaComplex
, author =  "Vincent Rouvreau"
, title =   "Alpha complex"
, publisher =  "{GUDHI Editorial Board}"
, booktitle =   "{GUDHI} User and Reference Manual"
, url = "http://gudhi.gforge.inria.fr/doc/latest/group__alpha__complex.html"
, year =        2015
}

@incollection{gudhi:CubicalComplex
, author =  "Pawel Dlotko"
, title =   "Cubical complex"
, publisher =  "{GUDHI Editorial Board}"
, booktitle =   "{GUDHI} User and Reference Manual"
, url = "http://gudhi.gforge.inria.fr/doc/latest/group__cubical__complex.html"
, year =        2015
}

@incollection{gudhi:WitnessComplex
, author =  "Siargey Kachanovich"
, title =   "Witness complex"
, publisher =  "{GUDHI Editorial Board}"
, booktitle =   "{GUDHI} User and Reference Manual"
, url = "http://gudhi.gforge.inria.fr/doc/latest/group__witness__complex.html"
, year =        2015
}

@incollection{gudhi:SubSampling
, author =  "Cl\'ement Jamin, Siargey Kachanovich"
, title =   "Subsampling"
, publisher =  "{GUDHI Editorial Board}"
, booktitle =   "{GUDHI} User and Reference Manual"
, url = "http://gudhi.gforge.inria.fr/doc/latest/group__subsampling.html"
, year =        2016
}

@incollection{gudhi:BottleneckDistance
, author =  "Fran{{\c{c}}ois Godi"
, title =   "Bottleneck distance"
, publisher =  "{GUDHI Editorial Board}"
, booktitle =   "{GUDHI} User and Reference Manual"
, url = "http://gudhi.gforge.inria.fr/doc/latest/group__bottleneck__distance.html"
, year =        2016
}
