@article{nsw-fhsm-08
, author =      "P. Niyogi and S. Smale and S. Weinberger"
, title =       "Finding the homology of submanifolds with high confidence from random samples"
, journal =   "Discrete \& Computational Geometry"
, year =        2008
, pages = "419--441"
}

@article{bgo-mrwc-09
, author =      "J.D. Boissonnat and L. Guibas and S. Oudot"
, title =       "Manifold Reconstruction in Arbitrary Dimensions Using Witness Complexes"
, journal =   "Discrete \& Computational Geometry"
, year =        2009
, volume = 42
, number = 1
, pages = "37--70"
}

@techreport{o-ntrdwchd-07
, author = "S. Y. Oudot"
, title = "On the topology of the restricted {Delaunay} triangulation and witness complex in higher dimensions"
, month = "November"
, year = "2006"
, institution = "Stanford University"
, note = "LANL arXiv:0803.1296v1 [cs.CG], \url{http://arxiv.org/abs/0803.1296}"
}

@techreport{BDGO
, author = "J.D. Boissonnat and Ramsay Dyer and Arijit Ghosh and S. Y. Oudot"
, title = "Notes"
, month = "February 9"
, year = "2014"
}


@article{go-ruwc-08
, author = "L. J. Guibas and S. Y. Oudot"
, title = "Reconstruction Using Witness Complexes"
, journal = "Discrete and Computational Geometry"
, pages = "325--356"
, volume = 40
, year = "2008"
}

@inproceedings{ae-wcrd-07
, author =      "D. Attali and H. Edelsbrunner and Y. Mileyko"
, title =       "Weak Witnesses for {Delaunay} Triangulations of Submanifolds"
, booktitle = "Proc. ACM Sympos. on Solid and Physical Modeling"
, year = "2007"
, pages = "143--150"
}

@article{nsw-fhswhc-04
, author = {P. Niyogi and S. Smale and S. Weinberger}
, title = {Finding the Homology of Submanifolds with High Confidence from Random samples}
, journal = {Discrete Comput. Geom.}
, volume = 39
, number = "1-3"
, pages = "419--441"
, month = "March"
, year = "2008"
}

@article{sliver-exudation
, author =      "S. -W. Cheng and T. K. Dey and H. Edelsbrunner and M. A. Facello and S. -H Teng"
, title =       "Sliver exudation"
, journal =   "Journal of the ACM"
, year =        2000
, volume = 47
, number = 5
, pages = "883--904"
}

@inproceedings{co-tpbr-08
, author =      "F. Chazal and S. Y. Oudot"
, title =       "Towards Persistence-Based Reconstruction in {Euclidean} Spaces"
, booktitle = "Proc. 24th ACM Sympos. Comput. Geom."
, year =    2008
, pages = "232--241"
}

@article{vds-wdt-08
, author =      "Vin de Silva"
, title =       "A weak characterisation of the Delaunay triangulation"
, journal =   "Geometriae Dedicata"
, year =        2008
, volume = 135
, number = 1
, pages = "39--64"
}


@article{cidsz-lbsni-08
, author = "G. Carlsson and T. Ishkhanov and V. de Silva and A. Zomorodian"
, title = "On the local behavior of spaces of natural images"
, journal = "Int. J. of Computer Vision"
, volume = 76
, number = 1
, pages = "1--12"
, year = 2008
}

@inproceedings{cds-teuwc-04
, author = "V. de Silva and G. Carlsson"
, title = "Topological estimation using witness complexes"
, booktitle = "Proc. Sympos. Point-Based Graphics"
, year = "2004"
, pages = "157--166"
}

@article{cdeft-se-00
, author =  "S-W. Cheng, T. K. Dey, H. Edelsbrunner, M. A. Facello and S-H. Teng"
, title =       "Sliver Exudation"
, journal =   "Journal of ACM"
, volume = 47
, pages = "883--904"
, year = 2000
}

@article{hf-cm-59
, author =      "Herbert Federer"
, title =       "Curvature measures"
, journal =   "Trans. of the American Mathematical Society"
, year =        1959
, pages = "418--491"
}





@inproceedings{gw-sdim-03
, author =  "J. Giesen and U. Wagner"
, title =       " Shape dimension and intrinsic metric from 
samples of manifolds"
, booktitle = "Proc. of the ACM Symp. on Computational Geometry"
, pages=  "329--337"
, year =  2003
}

@inproceedings{cdr-mr-05
, author =  "S-W. Cheng, T. K. Dey and E. A. Ramos"
, title =       " Manifold Reconstruction from Point 
Samples"
, booktitle = "Proc. of the ACM-SIAM Symp. Discrete Algorithms"
, pages = "1018--1027"
, year = 2005
}


@inproceedings{acdl-sr-02
, author =  "N. Amenta, S. Choi, T. K. Dey and N. Leekha"
, title =       " A Simple Algorithm for Homeomorphic Surface Reconstruction"
, booktitle =  "Proc. of the ACM-SIAM Symp. Discrete Algorithms"
, pages = "213--222"
, year = 2000
}

@inproceedings{bg-mrtc-10
, author =  "Jean-Daniel Boissonnat and Arijit Ghosh"
, title =       "Manifold Reconstruction using Tangential Delaunay Complexes"
, booktitle = "Proc. of the ACM Symp. on Computational Geometry"
, pages=  "324--333"
, year =  2010
}

@inproceedings{aem-ww-2007
, author =  "D. Attali and Herbert Edelsbrunner and Yuriy Mileyko"
, title =       "Weak witnesses for {D}elaunay triangulations of submanifolds"
, booktitle =  "Proc. ACM Sympos. Solid and Physical Modeling"
, pages = "143--150"
, year = 2007
}

@techreport{boissonnat:hal-00807050, 
AUTHOR = {Boissonnat, Jean-Daniel and Dyer, Ramsay and Ghosh, Arijit}, 
TITLE = {{The Stability of Delaunay Triangulations}}, 
TYPE = {Research Report}, 
PAGES = {29}, 
YEAR = {2013}, 
MONTH = Apr, 
NOTE = {To appear in IJCGA (Special issue for SoCG 2012)}, 
KEYWORDS = {computational geometry; Delaunay triangulation; stability}, 
INSTITUTION = {INRIA}, 
NUMBER = {RR-8276}, 
URL = {http://hal.inria.fr/hal-00807050} }

