@misc{cgal,
author = "\textsc{Cgal}",
    title = "{C}omputational {G}eometry {A}lgorithms {L}ibrary",
    note  = "http://www.cgal.org" 
}

@misc{cgalmesh,
author = "P. Alliez and J-D. Boissonnat and M. Yvinec",
    title = "CGALmesh: An Open Platform for Mesh Generation",
    note  = "http://www-sop.inria.fr/geometrica/software/cgalmesh/"
}

@book{by-ag-98,
  author    = {Boissonnat, J-D. and Yvinec, M.},
  title     = {Algorithmic geometry},
  publisher = {Cambridge University Press},
  year      = {1998},
  isbn      = {978-0-521-56529-5},
  pages     = {I-XX, 1-519},
  bibsource = {DBLP, http://dblp.uni-trier.de}
}

@book{dey-csr-2007
, author = "T. Dey"
, title = "Curve and Surface Reconstruction : Algorithms with Mathematical Analysis"
, publisher = "Cambridge University Press"
, year = 2007
} 

@book{hp-gaa-2011
, author = "S. Har-Peled"
, title = "Geometric Approximation Algorithms"
, publisher = "Amer. Math. Soc."
, year = 2011
}

@book{hh-ct-2010
, author = "H. Edelsbrunner and J. Harer"
, title = "Computational topology"
, publisher = "American Mathematical Society"
, year = 2010
}


@book{sml-pa-2006
, author = "S. M. LaValle"
, title = "Planning Algorithms"
, publisher = "Cambridge University Press"
, year = 2006
}


@book{hs-fmmds-2006
, author = "Hanan Samet"
, title = "Foundations of Multidimensional and Metric Data Structures"
, publisher = "Morgan Kaufmann"
, year = 2006
}

@book{geometrica-ecg-book
, title =       "Effective Computational Geometry for Curves and Surfaces"
, editor      = "Jean-Daniel Boissonnat and Monique Teillaud"
, publisher   = "Springer-Verlag"
, year        = 2006
, url         = "http://www-sop.inria.fr/geometrica/events/book/ECG.html" 
, flag = "_book"
, category = 1
}


@incollection{geometrica-bcmrv-ms-06
, author      =    "Jean-Daniel Boissonnat and David Cohen-Steiner
    and Bernard Mourrain and G{\"u}nter Rote and Gert Vegter"
, title       = "Meshing of Surfaces"
, pages       = "181--229"
, booktitle   = "Effective Computational Geometry for Curves and Surfaces"
, publisher   = "Springer-Verlag, Mathematics and Visualization"
, editor      = "Jean-Daniel Boissonnat and Monique Teillaud"
, year        = 2006
, url         = "http://hal.archives-ouvertes.fr/hal-00488274/en/"
}

@INCOLLECTION{cgal:rty-m3-11,
   AUTHOR       = {Pierre Alliez and Laurent Rineau and St{\'e}phane Tayeb and 
      Jane Tournois and Mariette Yvinec},
   BOOKTITLE    = {{CGAL} User and Reference Manual},
   PUBLISHER    = {{CGAL Editorial Board}},
   TITLE        = {{3D} Mesh Generation},
   YEAR         = {2011},
   EDITION      = {{3.8}},
   URL          = {http://www.cgal.org/Manual/3.8/doc_html/cgal_manual/packages.html\#Pkg:Mesh_3},
   ALTNOTE      = {\url{http://www.cgal.org/Manual/3.8/doc_html/cgal_manual/packages.html#Pkg:Mesh_3}},
}



@INCOLLECTION{eh-ph-2008
, author = "H. Edelsbrunner and J. Harer"
, title = "Persistent homology --- a survey"
, booktitle = "Surveys on Discrete and Computational Geometry. Twenty Years Later"
, pages = "257--282"
, editor = "J. E. Goodman, J. Pach and R. Pollack"
, series = "Contemporary Mathematics 453"
, publisher = "Amer. Math. Soc."
, year = 2008
}

@article {eks-sspp-83,
  author =	 {H. Edelsbrunner and D. G. Kirkpatrick and R. Seidel},
  title =	 {On the shape of a set of points in the plane},
  journal =	 {IEEE Transactions on Information Theory},
  pages =	 {551--559},
  volume =	 {29},
  issue =	 {4},
  year =	 {1983}
}

@article{he-ubds-95
, author =  "H. Edelsbrunner"
, title =  "The union of balls and its dual shape"
, journal = "Discrete Comput. Geom."
, volume = "13"
, year = 1995
, pages =   "415--440"
}




@article{geometrica-ccl09
, author =  "Fr{\'e}d{\'e}ric Chazal and David Cohen-Steiner and Andr{\'e} Lieutier"
, title =  "A Sampling Theory for Compact Sets in Euclidean Space"
, journal = "Discrete Comput. Geom."
, volume = "41"
, number = "3"
, year = 2009
, pages =   "461--479"
}

@article{deSilva2008,
  author =	 {de Silva, V.},
  title =	 {A weak characterisation of the {D}elaunay
                  triangulation},
  journal =	 {Geometriae Dedicata},
  publisher =	 {Springer Netherlands},
  pages =	 {39-64},
  volume =	 {135},
  issue =	 {1},
  year =	 {2008}
}

@ARTICLE{sl-mwp-2000,
     AUTHOR = "Seung, H. S. and Lee, D. D.",
     TITLE = "The manifold ways of perception",
     JOURNAL = {Science},
     VOLUME = {290},
     PAGES = {2268-2269},
     YEAR = {2000} }

@article{ccsm-gipm-2011
, author = "F. Chazal and D. Cohen-Steiner and Q. M\'erigot"
, title = "Geometric Inference for Probability Measures"
, journal = "Journal on Foundations of Computational Mathematics"
, pages = "733-751"
, volume = 11
, number = 6
, year = 2011
}


@article{rg-bptd-2008
, author = "R. Ghrist"
, title = "Barcodes: the persistent topology of data"
, journal = "Bull. Amer. Math. Soc., 45(1)"
, pages = "61--75"
, year = 2008
}

@article{geometrica-cseh-07,
author = {David Cohen-Steiner and Herbert Edelsbrunner and John Harer},
title = {Stability of Persistence Diagrams},
journal = {Discrete Comput. Geom.},
volume = {37},
number = {1},
year = {2007},
pages = {103--120},
}


@article{elz-tps-2002,
author = {H. Edelsbrunner and D. Letscher and A. Zomorodian},
title = {Topological persistence and simplification},
journal = {Discrete Comput. Geom.},
volume = {28},
year = {2002},
pages = {511--533}
}

@article{go-ruwc-2008
, title =  "Reconstruction  using witness complexes"
, author = "Leonidas J. Guibas and Steve Oudot"
, journal = "Discrete and Computational Geometry"
, year = 2008
, volume = 40
, number = 3
, pages =   "325--356"
}


@article{geometrica-bgo-09
, title =  "Manifold reconstruction in arbitrary dimensions using witness complexes"
, author = "Jean-Daniel Boissonnat and Leonidas J. Guibas and Steve Oudot"
, journal = "Discrete and Computational Geometry"
, year = 2009
, volume = 42
, number = 1
, pages =   "37--70"
, url = "http://hal.archives-ouvertes.fr/hal-00488434/en/"
, x-international-audience = "yes"
, x-editorial-board = "yes"
}

@article{geometrica-6154a
, author = "Jean-Daniel Boissonnat and Frank Nielsen and Richard Nock"
, title =  "{Bregman} {Voronoi} Diagrams"
, journal =     "Discrete and Computational Geometry"
, volume = 44
, number = 2
, year = 2010
, url = "http://hal.archives-ouvertes.fr/hal-00488441/en/"
, x-international-audience = "yes"
, x-editorial-board = "yes"
}

@article{st-saa-2004
, author = "D. Spielmann and S-H.  Teng"
, title = "Smoothed Analysis of Algorithms: Why The Simplex Algorithm Usually Takes Polynomial Time"
, journal = "Journal of the ACM"
, volume = 51
, number = 3
, pages = "385--463"
, year = 2004
}

@ARTICLE{nsw-fhm-2008,
     AUTHOR = "Niyogi, P. and Smale, S. and Weinberger, S.",
     TITLE = "Finding the {H}omology of {S}ubmanifolds with {H}igh {C}onfidence from {R}andom
{S}amples",
     JOURNAL = {Discrete and Computational Geometry},
     VOLUME = {39},
     NUMBER = {1},
     PAGES = {419-441},
     YEAR =  {2008}}

@INPROCEEDINGS{co-tpr-2008,
     AUTHOR = "Chazal, F. and Oudot, S. Y.",
     TITLE = " Towards {P}ersistence-{B}ased {R}econstruction in {E}uclidean {S}paces",
     BOOKTITLE = "Proc. ACM Symp. on Computational Geometry",
     PAGES = {232-241},
     YEAR =  {2008}}

@INPROCEEDINGS{cds-tewc-2004,
     AUTHOR = "G. Carlsson and V. de Silva",
     TITLE = "Topological estimation using witness complexes",
     BOOKTITLE = "Symposium on Point-Based Graphics",
 
     YEAR =  {2004}}

@inproceedings{geometrica-7142i
, thanks = "gaia"
, author      = "Jean-Daniel Boissonnat and Arijit Ghosh"
, title  = "Manifold reconstruction using Tangential {Delaunay} Complexes"
, booktitle =   "Proc. 26th Annual Symposium on Computational Geometry"
, year =    2010
, url = "http://hal.archives-ouvertes.fr/hal-00487862/en/"
, x-international-audience = "yes"
, x-proceedings = "yes" 
}

@inproceedings{geometrica-6743i
, thanks = "gaia"
, author      = "Jean-Daniel Boissonnat and Olivier Devillers and Samuel Hornus"
, title  = "Incremental construction of the {Delaunay} graph in medium dimension"
, booktitle =   "Proc. 25th Annual Symposium on Computational Geometry"
, year =    2009
, pages = "208--216"
, url = "http://hal.inria.fr/inria-00412437/"
, x-international-audience = "yes"
, x-proceedings = "yes" 
}


