%
% erc.bib
%                  

%SCG ACM Symposium on Computational Geometry
@string{scgtitle = {Symp. Comp. Geom.}}

%SODA ACM-SIAM Symposium on Discrete Algorithms
@string{sodatitle = {Symp. on Discrete Algorithms}}

%%%%%%%%%%%%%%%%%%%%%%%%%%%%%%%%%%%%%%%%%%%%%%%%%%%%%%%%%%%%%%%%%%%%%%%%                  
@book{by-ag-98,
  author    = {Boissonnat, J-D. and Yvinec, M.},
  title     = {Algorithmic geometry},
  publisher = {Cambridge University Press},
  year      = {1998},
  isbn      = {978-0-521-56529-5},
  pages     = {I-XX, 1-519},
  bibsource = {DBLP, http://dblp.uni-trier.de}
}

@book{dey-csr-2007
, author = "T. Dey"
, title = "Curve and Surface Reconstruction : Algorithms with Mathematical Analysis"
, publisher = "Cambridge University Press"
, year = 2007
} 

@book{hp-gaa-2011
, author = "S. Har-Peled"
, title = "Geometric Approximation Algorithms"
, publisher = "Amer. Math. Soc."
, year = 2011
}


@book{hh-ct-2010
, author = "H. Edelsbrunner and J. Harer"
, title = "Computational topology"
, publisher = "American Mathematical Society"
, year = 2010
}


@book{sml-pa-2006
, author = "S. M. LaValle"
, title = "Planning Algorithms"
, publisher = "Cambridge University Press"
, year = 2006
}


@book{hs-fmmds-2006
, author = "Hanan Samet"
, title = "Foundations of Multidimensional and Metric Data Structures"
, publisher = "Morgan Kaufmann"
, year = 2006
}

@book{he-gtmg-2001
, author = "H. Edelsbrunner"
, title = "Geometry and Topology for Mesh Generation"
, publisher = "Cambridge University Press"
, year = 2001
}

@book{lv-nldr-2007
, author = "John A. Lee and Michel Verleysen"
, title = ", Nonlinear Dimensionality Reduction"
, publisher = " Springer"
, year = 2007
}



@book{geometrica-ecg-book
, title =       "Effective Computational Geometry for Curves and Surfaces"
, editor      = "Jean-Daniel Boissonnat and Monique Teillaud"
, publisher   = "Springer-Verlag"
, year        = 2006
, url         = "http://www-sop.inria.fr/geometrica/events/book/ECG.html" 
, flag = "_book"
, category = 1
}

%%%%%%%%%%%%%%%%%%%%%%%%%%%%%%%%%%%%%%%%%%%%%%%

@incollection{geometrica-bcmrv-ms-06
, author      =    "Jean-Daniel Boissonnat and David Cohen-Steiner
    and Bernard Mourrain and G{\"u}nter Rote and Gert Vegter"
, title       = "Meshing of Surfaces"
, pages       = "181--229"
, booktitle   = "Effective Computational Geometry for Curves and Surfaces"
, publisher   = "Springer-Verlag, Mathematics and Visualization"
, editor      = "Jean-Daniel Boissonnat and Monique Teillaud"
, year        = 2006
, url         = "http://hal.archives-ouvertes.fr/hal-00488274/en/"
}

@INCOLLECTION{cgal:rty-m3-11,
   AUTHOR       = {Pierre Alliez and Laurent Rineau and St{\'e}phane Tayeb and 
      Jane Tournois and Mariette Yvinec},
   BOOKTITLE    = {{CGAL} User and Reference Manual},
   PUBLISHER    = {{CGAL Editorial Board}},
   TITLE        = {{3D} Mesh Generation},
   YEAR         = {2011},
   EDITION      = {{3.8}},
   URL          = {http://www.cgal.org/Manual/3.8/doc_html/cgal_manual/packages.html\#Pkg:Mesh_3},
   ALTNOTE      = {\url{http://www.cgal.org/Manual/3.8/doc_html/cgal_manual/packages.html#Pkg:Mesh_3}},
}



@INCOLLECTION{eh-ph-2008
, author = "H. Edelsbrunner and J. Harer"
, title = "Persistent homology --- a survey"
, booktitle = "Surveys on Discrete and Computational Geometry. Twenty Years Later"
, pages = "257--282"
, editor = "J. E. Goodman, J. Pach and R. Pollack"
, series = "Contemporary Mathematics 453"
, publisher = "Amer. Math. Soc."
, year = 2008
}
%%%%%%%%%%%%%%%%%%%%%%%%%%%%%%%%%%%%%%

@phdthesis{bendich-PhD
, author =  "Paul Bendich"
, title =   "Analyzing Stratified Spaces Using Persistent Versions of Intersection and Local Homology"
, type =    "{Ph.D.} thesis"
, school = "Duke University"
, month =   "August"
, year =    2008
}

%%%%%%%%%%%%%%%%%%%%%%%%%%%%%%%%%%%%%%

@article {mh-mpc-2002,
  author =	 {Michael E. Henderson.},
  title =	 {Multiple parameter continuation: computing implicitly defined
$k$-manifolds},
  journal =	 {Int. Journal of Bifurcation and Chaos},
  pages =	 {451--476},
  volume =	 {12},
  issue =	 {3},
  year =	 {2002}
}

@article{cairns1961,
  author =	 {Cairns, S. S.},
  title =	 {A simple triangulation method for smooth manifolds},
  journal =	 {Bulletin of the American Mathematical Society},
  volume =	 {67},
  number =	 {4},
  pages =	 {389--390},
  year =	 {1961}
}

@article {claire-bertrand,
  author =	 {C. Caillerie and B. Michel},
  title =	 {Model selection for simplicial approximation},
  journal =	 {Foundations of Computational Mathematics},
  pages =	 {707-731},
  volume =	 {11},
  issue =	 {6},
  year =	 {2011}
}


@article{bbk-iid-06
, author = "A. M. Bronstein and M. M. Bronstein and R. Kimmel"
, title = "Efficient computation of isometry-invariant distances between surfaces"
, journal = "SIAM J. Scientific Computing"
, pages = "1812--1836"
, volume = "28"
, issue = "5"
, year =    2006
}

@article{bbk-gmds-06
, author = "A. M. Bronstein and M. M. Bronstein and R. Kimmel"
, title = "Generalized multidimensional scaling: a framework for isometry-invariant partial surface matching"
, journal = "Proc. National Academy of Sciences (PNAS)"
, pages = "1168--1172"
, volume = "103"
, issue = "5"
, year =    2006
}


@article{ms-gh-05
, author = "F. M{\'e}moli and G. Sapiro"
, title = "A theoretical and computational framework for isometry invariant
recognition of point cloud data"
, journal = "Foundations of Computational Mathematics"
, pages = "313--346"
, volume = "5"
, year =    2005
}



@article{ccgmo-ghsssp-09
, author = "F. Chazal and D. Cohen-Steiner and L. J. Guibas and
F. M{\'e}moli and S. Y. Oudot"
, title = "Gromov-Hausdorff Stable Signatures for Shapes using
Persistence"
, journal = "Computer Graphics Forum (proc. SGP 2009)"
, pages = "1393--1403"
, year =    2009
}


@article {eks-sspp-83,
  author =	 {H. Edelsbrunner and D. G. Kirkpatrick and R. Seidel},
  title =	 {On the shape of a set of points in the plane},
  journal =	 {IEEE Transactions on Information Theory},
  pages =	 {551--559},
  volume =	 {29},
  issue =	 {4},
  year =	 {1983}
}

@article{he-ubds-95
, author =  "H. Edelsbrunner"
, title =  "The union of balls and its dual shape"
, journal = "Discrete Comput. Geom."
, volume = "13"
, year = 1995
, pages =   "415--440"
}




@article{geometrica-ccl09
, author =  "Fr{\'e}d{\'e}ric Chazal and David Cohen-Steiner and Andr{\'e} Lieutier"
, title =  "A Sampling Theory for Compact Sets in Euclidean Space"
, journal = "Discrete Comput. Geom."
, volume = "41"
, number = "3"
, year = 2009
, pages =   "461--479"
}

@article{deSilva2008,
  author =	 {de Silva, V.},
  title =	 {A weak characterisation of the {D}elaunay
                  triangulation},
  journal =	 {Geometriae Dedicata},
  publisher =	 {Springer Netherlands},
  pages =	 {39-64},
  volume =	 {135},
  issue =	 {1},
  year =	 {2008}
}

@ARTICLE{sl-mwp-2000,
     AUTHOR = "Seung, H. S. and Lee, D. D.",
     TITLE = "The manifold ways of perception",
     JOURNAL = {Science},
     VOLUME = {290},
     PAGES = {2268-2269},
     YEAR = {2000} }

@article{ccsm-gipm-2011
, author = "F. Chazal and D. Cohen-Steiner and Q. M\'erigot"
, title = "Geometric Inference for Probability Measures"
, journal = "Journal on Foundations of Computational Mathematics"
, pages = "733-751"
, volume = 11
, number = 6
, year = 2011
}


@article{rg-bptd-2008
, author = "R. Ghrist"
, title = "Barcodes: the persistent topology of data"
, journal = "Bull. Amer. Math. Soc., 45(1)"
, pages = "61--75"
, year = 2008
}

@article{geometrica-cseh-07,
author = {David Cohen-Steiner and Herbert Edelsbrunner and John Harer},
title = {Stability of Persistence Diagrams},
journal = {Discrete Comput. Geom.},
volume = {37},
number = {1},
year = {2007},
pages = {103--120},
}


@article{elz-tps-2002,
author = {H. Edelsbrunner and D. Letscher and A. Zomorodian},
title = {Topological persistence and simplification},
journal = {Discrete Comput. Geom.},
volume = {28},
year = {2002},
pages = {511--533}
}

@article{gpvw-mme-2011,
author = {C. R. Genovese and M. Perone-Pacifico and I. Verdinelli and L. Wasserman},
title = {Minimax Manifold estimation},
journal = {arXiv:1007.0549v3},
year = {2011},
}

@article{gpvw-mesd-2011,
author = {C. R. Genovese and M. Perone-Pacifico and I. Verdinelli and L. Wasserman},
title = {Manifold Estimation and singular Deconvolution under Hausdorff Loss},
journal = {arXiv:1109.4540v1},
year = {2011},
}
 

@article{go-ruwc-2008
, title =  "Reconstruction  using witness complexes"
, author = "Leonidas J. Guibas and Steve Oudot"
, journal = "Discrete and Computational Geometry"
, year = 2008
, volume = 40
, number = 3
, pages =   "325--356"
}


@article{geometrica-bgo-09
, title =  "Manifold reconstruction in arbitrary dimensions using witness complexes"
, author = "Jean-Daniel Boissonnat and Leonidas J. Guibas and Steve Oudot"
, journal = "Discrete and Computational Geometry"
, year = 2009
, volume = 42
, number = 1
, pages =   "37--70"
, url = "http://hal.archives-ouvertes.fr/hal-00488434/en/"
, x-international-audience = "yes"
, x-editorial-board = "yes"
}

@article{geometrica-6154a
, author = "Jean-Daniel Boissonnat and Frank Nielsen and Richard Nock"
, title =  "{Bregman} {Voronoi} Diagrams"
, journal =     "Discrete and Computational Geometry"
, volume = 44
, number = 2
, year = 2010
, url = "http://hal.archives-ouvertes.fr/hal-00488441/en/"
, x-international-audience = "yes"
, x-editorial-board = "yes"
}

@article{st-saa-2004
, author = "D. Spielmann and S-H.  Teng"
, title = "Smoothed Analysis of Algorithms: Why The Simplex Algorithm Usually Takes Polynomial Time"
, journal = "Journal of the ACM"
, volume = 51
, number = 3
, pages = "385--463"
, year = 2004
}

@ARTICLE{nsw-fhm-2008,
     AUTHOR = "Niyogi, P. and Smale, S. and Weinberger, S.",
     TITLE = "Finding the {H}omology of {S}ubmanifolds with {H}igh {C}onfidence from {R}andom
{S}amples",
     JOURNAL = {Discrete and Computational Geometry},
     VOLUME = {39},
     NUMBER = {1},
     PAGES = {419-441},
     YEAR =  {2008}}

@article{nsw-tvu-2011,
author = {Niyogi, P. and Smale, S. and Weinberger, S.},
title = {A Topological View of Unsupervised Learning from Noisy Data},
journal = {SIAM J. Comput.},
volume = {40},
pages = {646-663},
year = {2011}
}

@article{boissonnat2010bregvor,
  author    = {Jean-Daniel Boissonnat and
               Frank Nielsen and
               Richard Nock},
  title     = {{B}regman {V}oronoi Diagrams},
  journal   = {Discrete {\&} Computational Geometry},
  volume    = {44},
  number    = {2},
  year      = {2010},
  pages     = {281-307}
}

@article{boissonnat2010meshing,
  author =	 {Boissonnat, J.-D. and Ghosh, A.},
  title =	 {Triangulating Smooth Submanifolds with Light
                  Scaffolding},
  journal =	 {Mathematics in Computer Science},
  volume =	 {4},
  number =	 {4},
  pages =	 {431--461},
  year =	 {2010}
}

@article{CambridgeJournals:2077252,
author = {Bollob\'as, B. and Erd\"os, P.},
title = {Cliques in random graphs},
journal = {Mathematical Proceedings of the Cambridge Philosophical Society},
volume = {80},
number = {03},
pages = {419-427},
year = {1976},
doi = {10.1017/S0305004100053056},
URL = {http://dx.doi.org/10.1017/S0305004100053056},
eprint = {http://journals.cambridge.org/article_S0305004100053056},
}

@article{DBLP:journals/ijcga/Lienhardt94,
  author    = {Pascal Lienhardt},
  title     = {N-Dimensional Generalized Combinatorial Maps and Cellular
               Quasi-Manifolds},
  journal   = {Int. J. Comput. Geometry Appl.},
  volume    = {4},
  number    = {3},
  year      = {1994},
  pages     = {275-324},
  bibsource = {DBLP, http://dblp.uni-trier.de}
}

@article{Munro:2002:SRB:586840.586885,
 author = {Munro, J. Ian and Raman, Venkatesh},
 title = {Succinct Representation of Balanced Parentheses and Static Trees},
 journal = {SIAM J. Comput.},
 volume = {31},
 issue = {3},
 month = {March},
 year = {2002},
 issn = {0097-5397},
 pages = {762--776},
 numpages = {15},
 url = {http://dl.acm.org/citation.cfm?id=586840.586885},
 doi = {10.1137/S0097539799364092},
 acmid = {586885},
 publisher = {Society for Industrial and Applied Mathematics},
 address = {Philadelphia, PA, USA},
 keywords = {abstract data type, balanced parenthesis, binary trees, planar graphs, rooted ordered trees, succinct representation},
} 

%%%%%%%%%%%%%%%%%%%%%%%%%%%%%%%%%%%%

@INPROCEEDINGS{co-tpr-2008,
     AUTHOR = "Chazal, F. and Oudot, S. Y.",
     TITLE = " Towards {P}ersistence-{B}ased {R}econstruction in {E}uclidean {S}paces",
     BOOKTITLE = "Proc. ACM Symp. on Computational Geometry",
     PAGES = {232-241},
     YEAR =  {2008}}

@INPROCEEDINGS{cds-tewc-2004,
     AUTHOR = "G. Carlsson and V. de Silva",
     TITLE = "Topological estimation using witness complexes",
     BOOKTITLE = "Symposium on Point-Based Graphics",
 
     YEAR =  {2004}}

@inproceedings{geometrica-7142i
, thanks = "gaia"
, author      = "Jean-Daniel Boissonnat and Arijit Ghosh"
, title  = "Manifold reconstruction using Tangential {Delaunay} Complexes"
, booktitle =   "Proc. 26th Annual Symposium on Computational Geometry"
, year =    2010
, url = "http://hal.archives-ouvertes.fr/hal-00487862/en/"
, x-international-audience = "yes"
, x-proceedings = "yes" 
}

@inproceedings{geometrica-6743i
, thanks = "gaia"
, author      = "Jean-Daniel Boissonnat and Olivier Devillers and Samuel Hornus"
, title  = "Incremental construction of the {Delaunay} graph in medium dimension"
, booktitle =   "Proc. 25th Annual Symposium on Computational Geometry"
, year =    2009
, pages = "208--216"
, url = "http://hal.inria.fr/inria-00412437/"
, x-international-audience = "yes"
, x-proceedings = "yes" 
}


@inproceedings{bendich2007,
  author =	 {Bendich, Paul and Cohen-Steiner, David and
                  Edelsbrunner, Herbert and Harer, John and Morozov,
                  Dmitriy},
  title =	 {Inferring Local Homology from Sampled Stratified
                  Spaces},
  booktitle =	 {Proceedings of the 48th Annual IEEE Symposium on
                  Foundations of Computer Science},
  year =	 {2007},
  pages =	 {536--546},
  publisher =	 {IEEE Computer Society}
} 

@inproceedings{bendich2010,
  title =	 {Stratification Learning through Homology Inference},
  author =	 {Bendich, P. and Mukherjee, S. and Wang, B.},
  booktitle =	 {2010 AAAI Fall Symposium Series},
  year =	 {2010}
}

@inproceedings{onishi1998,
  author =	 {Kensuke Onishi and Hiroshi Imai},
  title =	 {{R}iemannian computational geometry: {V}oronoi diagram
                  {D}elaunay-type triangulation in dually flat space},
  booktitle =	 {CCCG},
  year =	 {1998}
 }



@misc{boissonnat2012stab,
  author =	 {Boissonnat, J.-D. and Dyer, R. and Ghosh, A.},
  title =	 {Stability of {D}elaunay-type structures for
                  manifolds},
  note =	 {Submitted for publication},
  year =	 {2012}
}

@inproceedings{boissonnat2010tan-socg,
  author =	 {Boissonnat, J.-D. and Ghosh, A.},
  title =	 {Manifold reconstruction using tangential Delaunay
                  complexes},
  booktitle =	 scgtitle,
  year =	 {2010},
  pages =	 {324--333},
  publisher =	 {ACM},
  address =	 {New York, NY, USA},
} 

@inproceedings{bm-dssc-2012,
  author =	 {Boissonnat, J.-D. and Maria, C.},
  title =	 {A Data Structure to Represent Simplicial Complexes},
  year =	 {2012},
  note = "Submitted for publication"
} 


@inproceedings{cheng2005,
  author =	 {Cheng, S.-W. and Dey, T. K. and Ramos, E.
                  A.},
  title =	 {Manifold reconstruction from point samples},
  booktitle =	 sodatitle,
  series =	 {SODA},
  year =	 {2005},
  pages =	 {1018--1027},
  publisher =	 {{SIAM}}
} 

@inproceedings{leibon2000,
  author =	 {G. Leibon and D. Letscher},
  title =	 {{D}elaunay Triangulations and {V}oronoi Diagrams for
                  {R}iemannian Manifolds},
  booktitle =	 scgtitle,
  year =	 {2000},
  pages =	 {341--349}
}



@inproceedings{funke2005cp,
  author =	 {Funke, Stefan and Klein, Christian and Mehlhorn,
                  Kurt and Schmitt, Susanne},
  title =	 {Controlled perturbation for Delaunay triangulations},
  booktitle =	 {Proceedings of the sixteenth annual ACM-SIAM
                  symposium on Discrete algorithms},
  series =	 {SODA '05},
  year =	 {2005},
  pages =	 {1047--1056},
  publisher =	 {Society for Industrial and Applied Mathematics},
} 

@inproceedings{clarkson2006,
  author =	 {Kenneth L. Clarkson},
  booktitle =	 {Proceedings of the 38th ACM Symposium on Theory of
                  Computing (STOC'06)},
  publisher =	 {ACM Press},
  title =	 {Building Triangulations Using epsilon-Nets},
  year =	 {2006},
  url =          {http://cm.bell-labs.com/who/clarkson/enet_tris/p.pdf}
}

@inproceedings{Attali2011,
 author = {Attali, Dominique and Lieutier, Andr{\'e} and Salinas, David},
 title = {Efficient data structure for representing and simplifying simplicial complexes in high dimensions},
 booktitle = {Proceedings of the 27th annual ACM symposium on Computational geometry},
 series = {SoCG '11},
 year = {2011},
 isbn = {978-1-4503-0682-9},
 location = {Paris, France},
 pages = {501--509},
 numpages = {9},
 url = {http://doi.acm.org/10.1145/1998196.1998277},
 doi = {http://doi.acm.org/10.1145/1998196.1998277},
 acmid = {1998277},
 publisher = {ACM},
 address = {New York, NY, USA},
 keywords = {clique complexes, data structure, edge contraction, flag complexes, high dimensions, homotopy equivalence, shape reconstruction, shape simplification, simplicial complexes, vietoris-rips complexes},
} 


@inproceedings{Brisson:1989:RGS:73833.73858,
 author = {Brisson, E.},
 title = {Representing geometric structures in d dimensions: topology and order},
 booktitle = {Proceedings of the fifth annual symposium on Computational geometry},
 series = {SCG '89},
 year = {1989},
 isbn = {0-89791-318-3},
 location = {Saarbruchen, West Germany},
 pages = {218--227},
 numpages = {10},
 url = {http://doi.acm.org/10.1145/73833.73858},
 doi = {http://doi.acm.org/10.1145/73833.73858},
 acmid = {73858},
 publisher = {ACM},
 address = {New York, NY, USA},
} 


@inproceedings{Ferragina:2005:SLT:1097112.1097456,
 author = {Ferragina, Paolo and Luccio, Fabrizio and Manzini, Giovanni and Muthukrishnan, S.},
 title = {Structuring labeled trees for optimal succinctness, and beyond},
 booktitle = {Proceedings of the 46th Annual IEEE Symposium on Foundations of Computer Science},
 series = {FOCS '05},
 year = {2005},
 isbn = {0-7695-2468-0},
 pages = {184--196},
 numpages = {13},
 url = {http://dx.doi.org/10.1109/SFCS.2005.69},
 doi = {http://dx.doi.org/10.1109/SFCS.2005.69},
 acmid = {1097456},
 publisher = {IEEE Computer Society},
 address = {Washington, DC, USA},
} 




@inproceedings{dl-clt-2009,
  author =	 {T. K. Dey and K. Li},
  title =	 {Cut Locus and Topology from Surface Point Data},
  booktitle =   {Proc. 25th Annual Symposium on Computational Geometry},
  year =	 {2009},
  pages =	 {125--134},
} 

@inproceedings{bwy-luam-08,
 author = "J.-D. Boissonnat and C. Wormser and M. Yvinec",
 title = "Locally uniform anisotropic meshing",
 booktitle = "Proc. of the 24th Symposium on Computational Geometry",
 year = {2008},
 pages = "pages 270-277",
 publisher = {ACM Press},
 }
@InProceedings{socg-pbsds-10,
  author       = "P. Skraba and M. Ovsjanikov and F. Chazal and L. Guibas",
  title        = "Persistence-based Segmentation of Deformable Shapes",
  booktitle    = "CVPR Workshop on Non-Rigid Shape Analysis and Deformable Image Alignment",
  month        = "June",
  year         = "2010"
}
	

@INPROCEEDINGS{bendich-strat1,
     AUTHOR = "Paul Bendich and David Cohen-Steiner and Herbert Edelsbrunner and John Harer and Dmitriy Morozov",
     TITLE = "Inferring Local Homology from Sampled Stratified Spaces",
     BOOKTITLE = "Proc. 48th Annual IEEE Symposium on Foundations of Computer Science",
     PAGES = {536-546},
     YEAR =  {2007}
}

@inproceedings{bendich-strat2,
 author = {Bendich, Paul and Wang, Bei and Mukherjee, Sayan},
 title = {Local homology transfer and stratification learning},
 booktitle = {Proc. 23rd Annual ACM-SIAM Symposium on Discrete Algorithms},
 series = {SODA '12},
 year = {2012},
 pages = {1355--1370}
} 

@inproceedings{metric-graphs-reconstruction,
 author = {Aanjaneya, Mridul and Chazal, Frederic and Chen, Daniel and Glisse, Marc and Guibas, Leonidas J. and Morozov, Dmitriy},
 title = {Metric graph reconstruction from noisy data},
 booktitle = {Proc. 27th Annual ACM Symposium on Computational Geometry},
 series = {SoCG '11},
 year = {2011},
 pages = {37--46}
} 





@misc{cgal,
author = "\textsc{Cgal}",
    title = "{C}omputational {G}eometry {A}lgorithms {L}ibrary",
    note  = "http://www.cgal.org" 
}

@misc{cgalmesh,
author = "P. Alliez and J-D. Boissonnat and M. Yvinec",
    title = "CGALmesh: An Open Platform for Mesh Generation",
    note  = "http://www-sop.inria.fr/geometrica/software/cgalmesh/"
}

@misc{plex,
author = "\textsc{PLEX}",
    title = "Simplicial Complexes in {MATLAB}",
    note  = "http://comptop.stanford.edu/u/programs/plex/"
}

@misc{dionysus,
author = "D. Morozov",
    title = "Dionysus: persistent homology computations",
    note  = "http://www.mrzv.org/software/dionysus/"
}

@techreport{boissonnat2011cgl,
  author =	 {Boissonnat, J.-D. and Dyer, R. and Ghosh, A. and
                  Oudot, S.},
  title =	 {Equating the witness and restricted {D}elaunay
                  complexes},
  number =	 {CGL-TR-24},
  institution =	 {Computational Geometric Learning},
  url =		 {http://cgl.uni-jena.de/Publications/WebHome},
  note =	 {http://cgl.uni-jena.de/Publications/WebHome},
  year =	 {2011}
}

@techreport{boissonnat2011tancplx,
  author =	 {Boissonnat, J.-D. and Ghosh, A.},
  title =	 {Manifold Reconstruction using Tangential {D}elaunay
                  Complexes},
  institution =	 {INRIA},
  number =	 {$N^\circ$ 7142 v.3},
  year =	 {2011}
}


